2090 3320
126 48 681 201 176¹D31s‘snsrm
748 27 841 144 tv.

49 211 52 218 “
121 213 235 324 porci
260 231 434 296 ventrem
461 233 622 308 curant,
679 212 811 294 ovium
834 208 995 300 securi.

122 324 412 426 Ruborietiam
429 323 473 406 stt
493 325 582 408 vitis
598 323 745 419 dotus,
770 321 797 404 st
815 321 997 410 selentia

121 435 194 540 stnt
211 460 394 548 tanquam
415 437 556 548 Angeli
573 436 664 518 alati
684 493 697 536 ,
725 435 890 518 sublime
907 465 995 522 vo-

120 551 263 650 lantes,
291 549 566 659 cupiditatibus
585 577 677 631 vero
696 572 883 658 tanquam
906 553 992 636 ser·

121 685 277 774 pentes,
311 663 380 772 qui
402 663 508 743 humi
536 683 718 771 reptant3
752 663 990 774 circumge-

118 797 245 870 rentes
262 777 403 856 animas
423 775 534 857 instar
542 769 685 884 speculi
695 773 853 881 quidem
864 829 881 871 ,
908 778 987 860 sod

119 887 349 972 menstruati·
390 887 601 972 Tub'icines
619 887 714 966 alios
733 885 900 994 quidem
921 891 983 970 ad

119 1026 291 1113 pugnam
318 1001 511 1098 incitant,
558 993 626 1108 ipsi
645 1023 799 1078 manum
821 997 875 1080 ad
900 1028 980 1110 pu.

38 1217 40 1222 ι
118 1139 238 1225 gnam
252 1137 329 1192 non
340 1133 509 1192 movent.
538 1110 720 1194 Candelre
736 1109 819 1192 aliis
838 1109 973 1194 lucen-

117 1247 207 1321 tes,
233 1221 364 1332 seipsas
380 1223 643 1306 consumentes
665 1279 678 1317 ,
713 1233 804 1306 cum
826 1223 969 1306 soetort:

116 1337 404 1446 extinguuntur·
439 1335 705 1418 Consolationi
736 1334 783 1416 stt
800 1333 861 1416 hic
887 1336 963 1416 sla-

115 1469 179 1556 tut
201 1445 408 1559 Angelicus
444 1447 531 1530 fidis
559 1445 761 1556 Euangelii
790 1445 958 1530 ministris

116 1583 249 1644 eontra
268 1563 546 1671 persecutiones
565 1557 764 1652 hostium,
792 1570 834 1643 &
851 1541 961 1644 niun·

115 1672 158 1754 di
180 1696 450 1770 contemtum,
476 1671 586 1784 quod
596 1672 865 1777 Deinomine,
885 1701 963 1758 non

114 1791 219 1870 secus
247 1812 293 1866 ac
316 1783 491 1896 Angeli,
531 1785 722 1896 legatione
752 1779 964 1895 fungantur

115 1899 213 1992 inter
232 1898 432 1994 homines,
457 1897 509 1979 ad
528 1925 594 1982 eos
607 1899 696 1980 Deo
714 1899 963 1982 reconciliari

115 2009 203 2114 dos.
241 2011 429 2095 Nitantur
447 2064 460 2106 ,
484 2005 637 2110 {anxilio
656 2009 823 2118 ejusqui
840 2009 959 2096 dixin

115 2118 192 2232 Qui
210 2153 269 2202 vos
309 2125 405 2202 audit
430 2147 482 2200 mc
500 2123 622 2216 audit,
649 2113 719 2208 &e
773 2123 863 2204 Luc
889 2149 960 2202 10:

115 2234 341 2316 Differentra
357 2235 493 2318 horum
510 2233 749 2346 Angelorum
765 2235 804 2314 in
823 2232 953 2312 histri-

115 2341 186 2442 bus
205 2345 387 2430 consistitt
426 2345 730 2456 primoquidem
761 2347 797 2426 in
821 2365 949 2423 nume*

108 2469 191 2562 ro,
229 2457 373 2539 deinde
397 2459 435 2538 in
464 2457 558 2538 locis
588 2459 727 2566 quibus
746 2453 817 2540 mr
840 2451 955 2552 sunt,

113 2569 228 2664 tertio
246 2569 415 2680 denique
432 2570 476 2652 in·
496 2573 680 2681 cujusque
700 2569 863 2654 muneris
870 2593 958 2650 exe

115 2703 288 2769 cunone,

98 2823 104 2830 ’
166 2791 385 2878 Numerum
402 2791 513 2902 quod
522 2795 683 2892 attinet,
706 2819 807 2904 quos
815 2791 960 2904 Johan·

111 2929 178 2990 nes
199 2905 342 3012 priores
362 2905 485 3002 vidit,
512 2933 589 2990 non
593 2911 674 3016 jam
683 2905 830 3016 septem
839 2929 965 3005 emor,

110 3036 155 3096 ut
174 3021 376 3122 suspeucaep.
390 3005 474 3104 n&
487 3043 520 3100 2.
547 3030 648 3106 ut&
676 3017 825 3132 septem
850 3019 966 3130 spiri-

896 3149 964 3214 tus
