2084 3318
237 35 404 168 IaVll.
415 35 532 168 figt'll.
555 49 661 166 Apoc.
787 53 876 176 265
973 90 976 98 ·

41 209 194 320 Neque
212 207 394 322 gloriosus
415 207 478 288 ille
488 203 637 288 lutuno
655 209 696 290 in
716 211 889 296 consum·
1020 197 1023 212 ¹

43 329 217 407 matione
226 321 362 402 seculi:
392 343 476 400 tum
493 319 891 430 enimapp'arebitnon
1015 334 1021 350 '

45 461 178 519 coram
189 433 321 528 altari,
346 430 412 514 sed
424 431 462 508 in
472 427 642 512 nubibus.
660 432 812 513 ffllattb.
824 451 890 545 25,
1015 438 1024 499 z

46 576 81 628 v.
101 575 160 658 3¹·
194 545 365 630 Throno
384 539 553 622 infidens.
594 541 670 625 Sed
680 525 742 625 ltic
752 545 892 631 adven·

26 685 111 767 ¹tus
131 661 186 742 est
204 654 413 768 ingloriam
425 651 636 749 coelestem,
658 655 697 736 in
707 681 822 765 quam
831 661 894 774 Je·
1029 763 1031 774 Λ

47 773 111 854 sus
133 768 309 854 Christus
328 789 372 849 ut
388 763 577 852 mediator
593 769 758 852 intravit.

1030 825 1032 860 Ι

107 881 339 966 Praedixerat
349 882 386 962 le
394 875 608 977 abit'utum,
634 903 677 962 ut
688 881 815 964 locum
827 871 895 970 no.¹
1030 883 1032 938 ἑ

51 995 112 1077 bis
132 1015 309 1105 pataret,
331 991 403 1070 lob.
416 1015 474 1098 14
510 992 550 1073 se
569 992 779 1103 relinquere
790 1025 897 1080 mun-

50 1107 151 1192 dum
165 1119 205 1192 &
223 1105 362 1187 vadere
371 1102 422 1185 ad
439 1103 604 1192 Patrem.
633 1105 707 1186 lob.
723 1107 897 1194 mma.

52 1223 149 1304 Hoc
161 1241 360 1318 oraverat,
384 1215 594 1328 Joh.17.v.
608 1243 638 1314 5.
665 1217 895 1326 §loriacum
1027 1277 1030 1284 .

52 1335 210 1440 eaglotia
219 1389 232 1430 ,
251 1321 462 1440 quambabut‘
479 1333 569 1436 apud
572 1351 602 1407 te
613 1349 789 1438 antequam
805 1361 899 1414 mam·

60 1447 119 1522 dut
133 1443 222 1541 efflu·
275 1441 368 1523 Hoc
385 1439 498 1522 Patet
515 1435 735 1549 promiserat
742 1496 757 1537 ,
790 1441 899 1556 stpo-

57 1552 182 1632 luillet
201 1553 365 1632 animam
394 1550 495 1630 suam
524 1549 742 1662 piaculum,
778 1553 901 1666 ipsum

6 1693 9 1740 ι
60 1663 379 1774 prolongatumm
399 1661 471 1743 else
489 1659 585 1744 dies.
621 1664 755 1772 '‘s-⁶53·
777 1695 811 1748 v.
841 1697 899 1752 10.
983 1747 984 1750 a

7 1845 8 1856 t
60 1774 266 1888 postquam
281 1775 321 1853 in
341 1775 403 1854 via
423 1799 444 1852 e
463 1787 628 1856 torrente
646 1775 792 1860 bibillet
802 1837 817 1878 ,
840 1809 900 1862 ca-

7 1965 8 1968 t
59 1911 134 2002 put
153 1887 316 1968 elaturus
334 1907 425 1966 erat.
454 1887 557 1972 Plalnt
581 1913 713 1968 nov,
727 1909 765 1992 7.
802 1895 901 2002 Qae

7 2001 10 2016 ¹
59 2005 100 2084 in
119 1999 217 2084 statu
238 1997 371 2079 humili
389 2021 596 2092 meruerat,
628 1997 811 2116 gloriosus
828 2005 901 2088 suis
970 2027 975 2042 “

8 2125 9 2136 '
62 2113 322 2224 applicaturus
331 2132 418 2192 etat.
445 2111 556 2196 Nam
575 2133 619 2191 ut
629 2109 901 2200 mediatotnon

65 2223 902 2333 versatutamplhtsintetris,necmaelaturin

62 2338 201 2434 Missa,
229 2336 293 2417 sed
312 2336 432 2447 gloria
449 2357 653 2418 coronatus
672 2335 711 2415 in
720 2337 822 2422 coelo
834 2341 901 2429 est.

50 2442 122 2534 'Eo
147 2446 414 2558 confugiamus
435 2455 475 2530 &
501 2473 635 2556 preces
655 2445 795 2534 nostras
813 2453 902 2537 diti-

64 2589 194 2674 gamus
206 2601 217 2662 3
239 2559 473 2672 glorificatus
479 2562 556 2658 jam
575 2559 699 2643 multo
710 2561 900 2653 efficacius
944 2641 949 2658 ,

63 2671 251 2758 exaudiet.

115 2785 242 2866 Status
260 2781 457 2892 sequitur:
484 2811 566 2866 non
586 2785 686 2867 enim
704 2783 769 2868 hic
787 2795 900 2900 poni,

13 2963 15 2976 ,
65 2917 124 2978 tut
140 2917 184 2980 ut
204 2895 334 2976 sedens
353 2917 421 2980 aut
438 2893 661 2998 ambulans,
696 2899 762 2981 led
798 2902 898 2984 ledit.

14 3065 21 3118 3
64 3010 297 3121 mutatione
313 3035 401 3092 eum
418 3007 569 3208 iidem
586 3007 811 3126 Stephanus.
824 3017 901 3206 ΛΞ.

82 3174 84 3182 ¹
487 3145 509 3236 5
743 3143 852 3234 7·v·5
886 3193 897 3214 ·

937 3243 1037 3293 ,A
