2120 3326
124 1 739 154 '‘'ntiinonnnnta
841 61 898 156 61

46 251 198 335 neque
217 225 268 306 ad
295 221 444 306 civilem
471 213 783 306 communionem
810 223 912 331 apti,

2 338 16 378 ²
66 367 154 420 non
177 340 279 419 enim
296 335 411 416 valde
437 331 621 416 laborabit
649 333 747 442 quid
789 335 913 444 patria
976 353 983 366 ·

67 451 139 532 sua
170 447 236 531 fiat
257 506 270 546 ,
294 450 513 557 quicunque
528 473 576 528 oo
596 447 667 528 etit
679 446 842 542 animo,
869 465 915 528 ut
939 471 944 480 ’

2 563 8 612 ⁵
71 561 175 644 illius
193 563 386 642 caritatem
398 556 745 668 opportunitatibus
754 556 826 638 suis
834 583 914 640 me·

1 743 2 748 t
73 675 205 755 riatur.
226 673 350 754 solum
372 673 495 782 iplum
513 672 750 780 cuipriinum
758 669 913 763 institit,

0 790 1 807 ¹
75 795 118 870 &
154 785 298 866 coelum
319 783 441 896 ipsum
460 839 474 879 ‚
507 783 610 864 unde
627 807 794 892 prunum
810 781 915 892 spiri·

1 934 2 942 ¹
75 923 165 980 tum
184 895 327 994 duxit,
365 895 501 1008 diligat
517 917 672 1006 oportet
693 893 761 1002 qui
786 891 823 975 se
847 891 915 976 bo·
973 929 984 942 ,

79 1035 173 1091 num
194 1011 318 1090 civem
340 1007 527 1118 perhiberi
544 1007 647 1093 vultt
674 1003 887 1088 autfisorte
898 1063 915 1106 ,

1 1128 2 1132 '
71 1149 169 1206 ¹cum
188 1121 278 1202 alibi
295 1143 402 1202 natus
422 1117 534 1222 esset,
568 1121 722 1202 civitate
750 1117 917 1203 donatus

77 1233 122 1318 stt
130 1293 144 1333 ,
171 1263 255 1315 earn
275 1233 434 1315 imbibat
453 1233 697 1342 opinionem:
724 1253 767 1314 ut
785 1230 916 1314 nisrci-

77 1350 189 1429 vitati
205 1347 301 1428 bene
319 1345 363 1428 sit
373 1407 385 1445 ,
410 1373 458 1428 ne
481 1341 548 1426 fibi
564 1343 719 1452 quidem
730 1367 840 1454 putet
849 1343 916 1426 be·

80 1485 131 1539 ne
150 1457 222 1538 effe
242 1457 355 1568 posse.
364 1457 503 1566 aqualia
515 1481 563 1535 ex
575 1454 681 1566 Lysia
688 1481 835 1540 oratore
844 1457 916 1539 do-

7 1589 22 1602 ·
84 1591 149 1649 cet
170 1571 365 1664 Muretus,
390 1598 466 1647 var.
478 1572 554 1647 less.
572 1567 627 1644 lib.
651 1594 718 1647 2.c.
732 1591 763 1673 3.
792 1569 917 1672 Resle

84 1707 181 1792 ergo
201 1681 466 1790 Anaxagoras,
494 1700 667 1763 narrante
685 1677 918 1780 Plutarcho,

85 1791 243 1876 cuidam
260 1789 431 1902 roganti,
456 1815 504 1869 an
522 1789 599 1869 ulla
613 1791 683 1900 ipsi
704 1791 830 1897 patria
851 1819 918 1875 cu.

85 1935 128 1989 ra
143 1902 254 1988 esset?
279 1903 405 2016 digito
423 1899 463 1982 in
479 1900 620 1983 coelum
630 1905 801 1998 intento,
826 1929 922 2012 qua.

83 2015 114 2102 fi
134 2023 262 2104 Deum
281 2017 414 2100 testem
432 2013 655 2110 advocaret,
694 2011 888 2122 respondit
910 2055 921 2106 :

85 2139 234 2237 ἔυῴἤμᾴ,
257 2145 317 2234 ἐμοὶ
343 2141 374 2229 >S
398 2143 423 2241 »ᾗ
455 2133 577 2236 σφὸδξα
592 2141 668 2232 philis
695 2141 724 2211 nl
751 2141 921 2234 nareis&-

87 2243 216 2328 draibi
234 2273 312 2324 vero
329 2256 559 2354 patriacum,
591 2244 636 2331 (5ν
651 2246 784 2352 quidem
796 2245 925 2336 lamma

86 2351 141 2460 e'st.
171 2355 323 2470 Ulysses
344 2415 357 2456 ,
382 2353 710 2441 utestinsabulis
730 2410 743 2454 ,
781 2381 925 2438 cuma·

88 2467 174 2580 pud
199 2469 456 2581 Calypsonem
476 2467 600 2582 pollet
617 2469 658 2550 in
674 2465 923 2574 omnibusde-

87 2581 179 2664 litiis
209 2585 373 2680 vivere,
419 2605 546 2666 tamen
565 2579 670 2662 illam
691 2581 858 2692 asperam
882 2593 923 2669 &

87 2693 299 2806 lapidosam
320 2696 480 2806 patriam
496 2695 598 2778 suam
617 2693 830 2804 anteposuit
869 2717 924 2778 et-

87 2807 167 2918 jam
196 2803 493 2904 immortalitati,
516 2805 656 2888 scilicet

1 2979 3 2984 .
120 2927 196 2998 Non
206 2913 306 2996 dubia
315 2917 359 3010 est
368 2915 470 3000 abaci
473 2917 721 3028 prudentiastd
727 2935 835 2997 lamen
842 2937 928 3025 optat

174 3037 308 3110 Fanum
326 3031 368 3112 de
379 3037 492 3140 patriti
503 3031 590 3142 pff
607 3031 826 3132 videreftct'a.

781 3131 933 3222 Multos
1021 3224 1052 3256 ,Ι
