2084 3318
123 41 213 144 332
277 4 862 111 arescanvffl.

109 173 331 267 'Nouenim
339 169 478 262 licebat
486 171 723 258 villimarum
731 200 862 258 carnes
873 202 995 286 quo·

119 319 203 404 qun
224 285 345 369 modo
364 284 550 368 lacerare:
589 309 702 368 certa
716 289 816 368 enirn
838 316 991 398 partes

119 397 387 518 poinciendae,
419 425 570 508 araque
584 393 768 512 impositae
787 403 988 484 Deocre-

121 513 268 603 manda
280 531 407 604 erant,
427 535 470 594 ut
482 511 629 622 adeps,
652 513 794 608 lumbi,
821 514 980 600 cauda:

119 629 212 714 Alia
232 645 337 707 erant
356 619 628 720 sacerdotum,
655 651 698 707 ut
718 625 854 736 pedlus
877 685 895 730 ,
931 637 978 710 dc

118 742 222 824 a'rmi
252 735 333 820 Hic
352 735 469 845 igitur
488 737 576 820 artis
594 759 673 818 erat
696 765 810 848 opus.
857 739 970 822 lden

119 879 198 968 que
213 849 292 960 ipse
318 869 499 956 creator,
522 847 589 956 qui

31 995 43 1013 ³
97 997 102 1011 ·
171 965 332 1056 eradere,
367 969 544 1060 mensura,
577 987 708 1040 numero
739 969 838 1044 nem
856 961 971 1044 onam

289 1076 399 1176 ficit,
490 1091 501 1112 '

117 1211 241 1270 rerum
269 1183 411 1293 species
443 1181 637 1278 distinxit,
677 1191 717 1268 δι
748 1181 822 1296 ipsa
838 1179 970 1264 ctiam

117 1295 314 1410 lingularia
332 1293 384 1374 src
403 1292 606 1389 discrevit,
642 1296 746 1378 utin
767 1293 903 1376 eodem
925 1320 969 1374 e·

120 1415 214 1492 riam
234 1433 392 1522 genere,
421 1409 486 1492 vix
505 1407 589 1490 duo
607 1403 674 1487 fibi
692 1433 760 1517 per
770 1405 896 1492 omnia
917 1403 963 1485 sr-

121 1521 225 1606 milia
243 1522 490 1604 inveniantur.
545 1519 724 1602 Miraculi
743 1521 829 1604 luno
851 1517 962 1600 habi·

119 1657 204 1718 tum
227 1633 281 1716 cll
298 1630 325 1714 fi
345 1634 417 1745 qui
438 1631 577 1744 repemi
592 1626 733 1716 fuerint
760 1635 830 1744 qui
859 1627 965 1716 diffi-

119 1747 242 1832 culter
280 1743 496 1828 admodum
536 1739 696 1830 discerni
790 1767 968 1840 tucrum,

121 1861 251 1972 quales
268 1879 464 1940 enumerat
482 1855 653 1952 Plinius,
677 1773 895 1958 indilatam.
907 1851 965 1938 ab.

126 1997 237 2080 7.cap.
253 1999 311 2054 12.
336 1981 375 2056 ὅ(
387 1967 471 2056 Val
489 1965 968 2078 Maximus,lrb.9.cap.14„

121 2085 232 2170 Hinc
262 2081 414 2164 ridiculi
444 2084 482 2163 in
516 2075 651 2160 fabulis
671 2081 910 2192 Amphitruo
929 2091 968 2166 &

120 2195 247 2323 solra,
274 2217 358 2278 tum
377 2203 418 2282 ὃς
436 2189 692 2289 Menaechnri,
716 2217 817 2302 quos
844 2218 966 2302 neque

122 2329 966 2618 lglszlilnnffil‘mllalll

123 2561 163 2620 te
217 2557 279 2616 tur
300 2535 466 2630 Cicero,
495 2531 734 2638 mmmmm.
762 2539 803 2616 δι
830 2525 879 2608 de
895 2527 960 2608 ho-

92 2690 96 2700 ,
124 2649 231 2762 spicis
246 2645 324 2742 sui,
356 2645 547 2734 senatoris
568 2639 853 2726 Mechlinienlls
878 2637 961 2721 liliis

126 2757 349 2866 Ludovicus
373 2755 512 2852 Vives,
538 2777 743 2860 comment
775 2754 828 2838 ad
842 2757 897 2836 lln
948 2801 961 2818 ·

126 2875 287 2968 stinum,
309 2869 359 2952 de
378 2867 467 2950 Civ.
492 2867 592 2964 Dei,
616 2863 671 2946 lib.
685 2893 743 2950 21.
762 2891 830 2971 cap.
844 2869 879 2947 ll.
925 2891 964 2948 u·

124 2986 197 3090 lius
215 2980 484 3094 capitolinus,
512 3005 586 3090 pro
595 2975 909 3174 suiadmirationde
917 3003 965 3062 ta·

309 3163 318 3184 ,
805 3115 875 3178 Μ
902 3115 961 3180 um
